<?xml version="1.0" encoding="UTF-8"?><record xmlns="http://www.loc.gov/MARC21/slim" xmlns:cinclude="http://apache.org/cocoon/include/1.0" xmlns:zs="http://www.loc.gov/zing/srw/">
  <leader>00479cz  a2200145n  4500</leader>
  <controlfield tag="001">n  82117331 </controlfield>
  <controlfield tag="003">DLC</controlfield>
  <controlfield tag="005">20140924073738.0</controlfield>
  <controlfield tag="008">820826n| azannaabn          |a aaa      </controlfield>
  <datafield tag="010" ind1=" " ind2=" ">
    <subfield code="a">n  82117331 </subfield>
  </datafield>
  <datafield tag="035" ind1=" " ind2=" ">
    <subfield code="a">(OCoLC)oca00813717</subfield>
  </datafield>
  <datafield tag="040" ind1=" " ind2=" ">
    <subfield code="a">DLC</subfield>
    <subfield code="b">eng</subfield>
    <subfield code="e">rda</subfield>
    <subfield code="c">DLC</subfield>
    <subfield code="d">DLC</subfield>
    <subfield code="d">NhD</subfield>
    <subfield code="d">IEN</subfield>
    <subfield code="d">InU</subfield>
  </datafield>
  <datafield tag="100" ind1="1" ind2=" ">
    <subfield code="a">Bykaŭ, Vasilʹ,</subfield>
    <subfield code="d">1924-2003.</subfield>
    <subfield code="t">I︠A︡ho batalʹi︠o︡n.</subfield>
    <subfield code="l">English</subfield>
  </datafield>
  <datafield tag="400" ind1="1" ind2=" ">
    <subfield code="a">Bykaŭ, Vasilʹ,</subfield>
    <subfield code="d">1924-2003.</subfield>
    <subfield code="t">His battalion</subfield>
  </datafield>
  <datafield tag="670" ind1=" " ind2=" ">
    <subfield code="a">His His battalion ; and, Live until dawn, c1981.</subfield>
  </datafield>
</record>